<?xml version="1.0" encoding="UTF-8"?><collection xmlns="http://www.loc.gov/MARC21/slim"><record><leader>00413nam--2200181-u-4500</leader><controlfield tag="001">000051729</controlfield><controlfield tag="002">20161230</controlfield><controlfield tag="005">20161230201049</controlfield><controlfield tag="008">080917s1000------------r-----000-0-eng-d</controlfield><datafield ind1=" " ind2=" " tag="040"><subfield code="a">IFIN-HH</subfield></datafield><datafield ind1=" " ind2=" " tag="080"><subfield code="a">517.7</subfield></datafield><datafield ind1="1" ind2=" " tag="100"><subfield code="a">Vatson,G.N</subfield></datafield><datafield ind1="1" ind2="0" tag="245"><subfield code="a">Teorya Besselevykh Funktsii</subfield></datafield><datafield ind1=" " ind2=" " tag="260"><subfield code="a">Moskva</subfield><subfield code="c">1949</subfield></datafield><datafield ind1=" " ind2=" " tag="300"><subfield code="a">215 p</subfield></datafield><datafield ind1=" " ind2=" " tag="490"><subfield code="v">Chast vtoraya</subfield></datafield><datafield ind1=" " ind2=" " tag="852"><subfield code="a">1312</subfield><subfield code="c">517.7</subfield></datafield><datafield ind1=" " ind2=" " tag="CAT"><subfield code="a">Sys</subfield><subfield code="c">20080917</subfield><subfield code="h">082502</subfield></datafield></record></collection>